@article{NVGRE,
    author       = {{Microsoft Corporation}},
    title        = {Network Virtualization using Generic Routing Encapsulation (NVGRE)},
    year         = {2025},
    url          = {https://learn.microsoft.com/en-us/windows-hardware/drivers/network/network-virtualization-using-generic-routing-encapsulation--nvgre--task-offload},
    note         = {Accessed: 2025-10-22}
}

@online{QSFPtekVXLAN,
  author       = {{QSFPTEK}},
  title        = {{What is VXLAN and Why Do We Need It}},
  year         = {2023},
  url          = {https://www.qsfptek.com/qt-news/what-is-vxlan-and-why-do-we-need-it.html?srsltid=AfmBOooZgI8JFfVREVzwf-wKfBAgSVeilsCf-6dmk-iQZJ3c670yrnWO},
  note         = {Accessed: 2025-10-23}
}

@online{Geneve,
  author       = {Lukas Krattiger},
  title        = {All Tunnels Lead to GENEVE},
  year         = {2020},
  month        = {Dec},
  url          = {https://blogs.cisco.com/datacenter/all-tunnels-lead-to-geneve},
  note         = {Accessed: 2025-10-26},
  organization = {Cisco}
}

@inproceedings{kawashima2020stt,
  author    = {R. Kawashima and H. Matsuo},
  title     = {Implementation and Performance Analysis of STT Tunneling Using vNIC Offloading Framework (CVSW)},
  booktitle = {Proceedings of the IEEE International Conference on Information Networking (ICOIN)},
  year      = {2020},
  url       = {https://scispace.com/pdf/implementation-and-performance-analysis-of-stt-tunneling-25giklerht.pdf},
  note      = {Accessed: 2025-10-26}
}